@misc{openehrCompositionEntry,
   author = {OPENEHR},
   title = {RM Composition Entry},
   address = {London},
   publisher= {University College},
   year = {2018},
   url = {https://www.openehr.org/releases/trunk/UML/#Diagrams___18_1_83e026d_1433773264186_722854_6498},
   urlaccessdate = {25 jul. 2018}
}

@misc{openehrCompositionEntry,
	author = {OPENEHR},
	title = {RM Composition Entry},
	address = {London},
	publisher= {University College},
	year = {2018},
	url = {https://www.openehr.org/releases/trunk/UML/#Diagrams___18_1_83e026d_1433773264186_722854_6498},
	urlaccessdate = {25 jul. 2018}
}

@misc{openehrCompositionEntry,
	author = {OPENEHR},
	title = {RM Composition Entry},
	address = {London},
	publisher= {University College},
	year = {2018},
	url = {https://www.openehr.org/releases/trunk/UML/#Diagrams___18_1_83e026d_1433773264186_722854_6498},
	urlaccessdate = {25 jul. 2018}
}

@misc{openehrCompositionEntry,
	author = {OPENEHR},
	title = {RM Composition Entry},
	address = {London},
	publisher= {University College},
	year = {2018},
	url = {https://www.openehr.org/releases/trunk/UML/#Diagrams___18_1_83e026d_1433773264186_722854_6498},
	urlaccessdate = {25 jul. 2018}
}
@misc{openehrCompositionEntry,
	author = {OPENEHR},
	title = {RM Composition Entry},
	address = {London},
	publisher= {University College},
	year = {2018},
	url = {https://www.openehr.org/releases/trunk/UML/#Diagrams___18_1_83e026d_1433773264186_722854_6498},
	urlaccessdate = {25 jul. 2018}
}
@misc{openehrCompositionEntry,
	author = {OPENEHR},
	title = {RM Composition Entry},
	address = {London},
	publisher= {University College},
	year = {2018},
	url = {https://www.openehr.org/releases/trunk/UML/#Diagrams___18_1_83e026d_1433773264186_722854_6498},
	urlaccessdate = {25 jul. 2018}
}

@misc{openehrCompositionEntry,
	author = {OPENEHR},
	title = {RM Composition Entry},
	address = {London},
	publisher= {University College},
	year = {2018},
	url = {https://www.openehr.org/releases/trunk/UML/#Diagrams___18_1_83e026d_1433773264186_722854_6498},
	urlaccessdate = {25 jul. 2018}
}